<record><leader>00000cas a22000007a 4500</leader><controlfield tag="001">40169435</controlfield><controlfield tag="008">981026d19641984vauwr ne      0    0eng d</controlfield><datafield ind1=" " ind2=" " tag="010"><subfield code="a">sn 98068372 </subfield></datafield><datafield ind1=" " ind2=" " tag="040"><subfield code="a">NVK</subfield><subfield code="b">eng</subfield><subfield code="c">NVK</subfield><subfield code="d">OCL</subfield><subfield code="d">OCLCQ</subfield><subfield code="d">OCLCF</subfield><subfield code="d">OCLCO</subfield></datafield><datafield ind1="1" ind2=" " tag="029"><subfield code="a">AU@</subfield><subfield code="b">000022801720</subfield></datafield><datafield ind1=" " ind2=" " tag="042"><subfield code="a">msc</subfield></datafield><datafield ind1="0" ind2="4" tag="245"><subfield code="a">The Botetourt County news and the Fincastle herald.</subfield></datafield><datafield ind1=" " ind2=" " tag="260"><subfield code="a">Fincastle, Va.</subfield><subfield code="b">Herald Pub. Corp.,</subfield><subfield code="c">1964-1984.</subfield></datafield><datafield ind1=" " ind2=" " tag="300"><subfield code="a">v.</subfield></datafield><datafield ind1=" " ind2=" " tag="310"><subfield code="a">Weekly</subfield></datafield><datafield ind1="0" ind2=" " tag="362"><subfield code="a">Vol. 98, no. 49 (Dec. 17, 1964)-v. 119, no. 39 (Sept. 27, 1984).</subfield></datafield><datafield ind1=" " ind2="0" tag="651"><subfield code="a">Botetourt County (Va.)</subfield><subfield code="v">Newspapers.</subfield></datafield><datafield ind1=" " ind2="0" tag="651"><subfield code="a">Fincastle (Va.)</subfield><subfield code="v">Newspapers.</subfield></datafield><datafield ind1=" " ind2="7" tag="655"><subfield code="a">Newspapers.</subfield><subfield code="2">fast</subfield><subfield code="0">(OCoLC)fst01423814</subfield></datafield><datafield ind1=" " ind2="7" tag="651"><subfield code="a">Virginia</subfield><subfield code="z">Botetourt County.</subfield><subfield code="2">fast</subfield><subfield code="0">(OCoLC)fst01207230</subfield></datafield><datafield ind1=" " ind2="7" tag="651"><subfield code="a">Virginia</subfield><subfield code="z">Fincastle.</subfield><subfield code="2">fast</subfield><subfield code="0">(OCoLC)fst01248271</subfield></datafield><datafield ind1=" " ind2=" " tag="752"><subfield code="a">United States</subfield><subfield code="b">Virginia</subfield><subfield code="c">Botetourt</subfield><subfield code="d">Fincastle.</subfield></datafield><datafield ind1="0" ind2="0" tag="780"><subfield code="t">Fincastle herald (Fincastle, Va. : 1873 : Weekly)</subfield><subfield code="w">(DLC)sn 85000735</subfield><subfield code="w">(OCoLC)11581896</subfield></datafield><datafield ind1="0" ind2="0" tag="785"><subfield code="t">Fincastle herald &amp; Botetourt County news</subfield><subfield code="w">(DLC)sn 98068379</subfield></datafield></record>